@inproceedings{Steedman99,
 author = {Mark Steedman},
 year = {1999},
 title = {Alternating quantifier scope in CCG},
 booktitle = {In Proceedings of ACL}
}

@misc{ZollmannVenygopal06,
 author = {Andreas Zollmann and Ashish Venugopal},
 year = {2006},
 title = {Syntax Augmented Machine Translation via Chart Parsing}, 
 howpublished = {NAACL 2006 - Workshop on statistical machine translation. New York},
 month = {June}
}

@inproceedings{PascaDienes05,
 author = {Pasca, Marius and Peter Dienes},
 year = {2005},
 title = {Aligning needles in a haystack: Paraphrase acquisition across the Web},
 booktitle = {Proceedings of IJCNLP},
 pages = {119-130}
}

@inproceedings{KoehnEtAl03,
 author = {Philipp Koehn and Franz Josef Och and Daniel Marcu},
 year = {2003},
 title = {Statistical phrase-based translation},
 booktitle = {Proceedings of HLT/NAACL}
}

@inproceedings{Dagan08,
 author = {Ido Dagan},
 year = {2008},
 title = {Invited Talk: It’s time for a semantic engine!},
 booktitle = {Proceedings of the NSF Symposium on Semantic Knowledge Discovery, Organization and Use},
 pages = {20-28}
}

@phdthesis{Iftene09,
 author = {Adrian Iftene},
 year = {2009},
 title = {Textual Entailment},
 school = {University of Iasi}
}

@article{ShiYang07,
 author = {Xiaodong Shi and Christopher C. Yang},
 year = {2007},
 title = {Mining related queries from Web search engine query logs using an improved association rule mining model},
 journal = {JASIST},
 volume = {58},
 number = {12},
 pages = {1871-1883}
}

@inproceedings{MetzlerEtAl07,
 author = {Donald Metzler and Susan Dumais and Christopher Meek},
 year = {2007},
 title = {Similarity measures for short segments of text},
 booktitle = {Proceedings of the European Conference on Information Retrieval},
 pages = {16-27},
}

@inproceedings{JonesEtAl06,
 author = {Rosie Jones and Benjamin Rey and Omid Madani and Wile Greiner},
 year = {2006},
 title = {Generating query substitutions},
 booktitle = {Proceedings of the World Wide Web Conference},
 pages = {387-396},
}

@inproceedings{PragerEtAl01,
 author = {John Prager and Jennifer Chu-Carroll and Krysztof Czuba},
 year = {2001},
 title = {Use of wordnet hypernyms for answering whatis questions},
 booktitle = {Proceedings of TREC 10, Gaithersburg, MD}
}

@inproceedings{IordanskajaEtAl91,
 author = {Lidija Iordanskaja and Richard Kittredge and Alain Polguere},
 year = {1991},
 title = {Lexical Selection and Paraphrase in a Meaning-Text Generation Model},
 booktitle = {Natural Language Generation in Artificial Intelligence and Computational Linguistics},
 pages = {293-312}
}

@inproceedings{XuCroft96,
 author = {Jinxi Xu and W. Bruce Croft},
 year = {1996},
 title = {Query expansion using local and global document analysis},
 booktitle = {Proceedings of SIGIR’96, Zurich, Switzerland}
}

@inproceedings{KauchakBarzilay06,
 author = {David Kauchak and Regina Barzilay},
 year = {2006},
 title = {Paraphrasing for automatic evaluation},
 booktitle = {Proceedings of EMNLP}
}

@inproceedings{Charikar02,
 author = {Moses Charikar},
 year = {2002},
 title = {Similarity estimation techniques from rounding algorithms},
 booktitle = {Proceedings of STOC.}
}

@inproceedings{HovyEtAl00,
 author = {Eduard Hovy and Laurie Gerber and Ulf Hermjakob and Michael Junk and Chin-Yew Lin},
 year = {2000},
 title = {Question answering in webclopedia},
 booktitle = {Proceedings of TREC 9, Gaithersburg, MD}
}

@article{BurkeEtAl97,
 author = {Robin Burke and Kristian Hammond and Vladimir Kulyukin},
 year = {1997},
 title = {Question answering from frequently-asked question files: Experiences with the FAQ finder system},
 title = {AI Magazine}, 
 volume = {18},
 number = {2},
 pages = {57-66}
}

@inproceedings{QiuFrei93,
 author = {Yonggang Qiu and H. P. Frei},
 year = {1993},
 title = {Concept based query expansion},
 booktitle = {Proceedings of SIGIR’93, Pittsburgh}
}

@inproceedings{QuirkDolanBrockett04,
 author = {Chris Quirk and Chris Brockett and William Dolan},
 year = {2004},
 title = {Monolingual machine translation for paraphrase generation},
 booktitle = {Proceedings of EMNLP,Barcelona},
 pages = {142-149}
}

@inproceedings{PangEtAl03,
 author = {Bo Pang and Kevin Knight and Daniel Marcu},
 year = {2003},
 title = {Syntax-based alignment of multiple translations: Extracting paraphrases and generating new sentences},
 booktitle = {Proceedings of HLT/NAACL}
}

@inproceedings{CallisonBurchEtAl06,
 title = {Improved Statistical Machine Translation Using Paraphrases},
 author = {Chris Callison-Burch and Philipp Koehn and Miles Osborne},
 year = {2006},
 booktitle = {Proceedings in NAACL}
}

@inproceedings{RiezlerEtAl07,
 author = {Stefan Riezler and Alexander Vasserman and Ioannis Tsochantaridis and Vibhu Mittal and Yi Liu},
 year = {2007},
 title = {Statistical Machine Translation for Query Expansion in Answer Retrieval},
 booktitle = {Proceedings of the 45th Annual Meeting of the Association for Computational Linguistics (ACL07) Prague, Czech Republic}
}

@ARTICLE{Lin01discoveryof,
    author = {Dekang Lin and Patrick Pantel},
    title = {Discovery of Inference Rules for Question Answering},
    journal = {Natural Language Engineering},
    year = {2001},
    volume = {7},
    pages = {343-360}
}

@incollection{VanDurmeLallNIPS09,
 title = {Streaming Pointwise Mutual Information},
 author = {Benjamin {Van Durme} and Ashwin Lall},
 booktitle = {Advances in Neural Information Processing Systems 22},
 editor = {Y. Bengio and D. Schuurmans and J. Lafferty and C. K. I. Williams and A. Culotta},
 pages = {1892-1900},
 year = {2009}
}

@inproceedings{BannardCallisonBurch05,
 title = {Paraphrasing With Bilingual Parallel Corpora},
 author = {Colin Bannard and Chris Callison-Burch},
 booktitle = {Proceedings of ACL},
 year = {2005}
}

@inproceedings{KoehnOchMarcu03,
 title = {Statistical Phrase-based Translation},
 author = {Philipp Koehn and Franz Josef Och and Daniel Marcu},
 booktitle = {Proceedings of HLT/NAACL},
 year = {2003}
}

@inproceedings{CallisonBurch08,
 title = {Syntactic Constraints On Paraphrases Extracted From Parallel Corpora},
 author = {Chris Callison-Burch},
 booktitle = {Proceedings of EMNLP},
 year = {2008}
}

@inproceedings{VanDurmeLallACL10,
 title = {Online Generation Of Locality Sensitive Hash Signatures},
 author = {Benjamin {Van Durme} and Ashwin Lall},
 booktitle = {Proceedings of ACL, Short Papers},
 year = {2010}
}

@inproceedings{LinEtAlLREC10,
 title = {New Tools for Web-Scale N-grams},
 author = {Dekang Lin and Kenneth Church and Heng Ji and Satoshi Sekine and David Yarowsky and Shane Bergsma and Kailash Patil and Emily Pitler and Rachel Lathbury and Vikram Rao and Kapil Dalwani and Sushant Narsale},
 booktitle = {Proceedings of LREC},
 year = {2010}
}

@article{MadnaniDorr10,
 title = {Generating Phrasal And Sentential Paraphrases: A Survey Of Data-driven Methods},
 author = {Nitin Madnani and Bonnie Dorr},
 journal = {Computational Linguistics},
 year = {2010},
 volume = {36},
 number = {3},
 pages = {341-388}
}

@inproceedings{CallisonBurchDredze10,
 title = {Creating Speech and Language Data with Amazon’s Mechanical Turk},
 author = {Chris Callison-Burch and Mark Dredze},
 booktitle = {Proceedings of the NAACL},
 year = {2010}
}

@inproceesings{WoodsendFengLapata10,
 title = {Title Generation with Quasi-synchronous Grammar},
 author = {Kristian Woodsend and Yansong Feng and Mirella Lapata},
 booktitle = {Proceedings of EMNLP},
 year = {2010}
}

@misc{BrantsFranz06,
 title = {The Google Web 1T 5-gram Corpus Version 1.1. LDC2006T13},
 author = {Thorsten Brants and Alex Franz},
 year = {2006}
}

@article{KleinManning03,
 title = {Fast Exact Inference with a Factored Model for Natural Language Parsing},
 author = {Dan Klein and Christopher D. Manning},
 journal = {Advances in Neural Information Processing Systems},
 year = {2003},
 volume = {15},
 pages = {3-10}
}

@article{ClarkeLapata08,
 title = {Global Inference for Sentence Compression: An Integer Linear Programming Approach},
 author = {James Clarke and Mirella Lapata},
 journal = {Journal of Artificial Intelligence Research},
 year = {2008},
 volume = {31},
 pages = {399-429}
}
@inproceedings{BarzilayLee03,
 title = {Learning to paraphrase: An Unsupervised Approach using Multiple Sequence Alignment},
 author = {Regina Barzilay and Lillian Lee},
 booktitle = {Proceedings of HLT/NAACL},
 year = {2003}
}

@inproceedings{PereiraTishbyLee93,
 title = {Distributional Clustering of English Words},
 author = {Fernando Pereira and Naftali Tishby and Lillian Lee},
 booktitle = {Proceesings of ACL},
 year = {1993}
}
@inproceedings{ZhaoEtAlACL08,
 author = {Shiqi Zhao and Cheng Niu and Ming Zhou and Ting Liu and Sheng Li},
 year = {2008},
 title = {Combining multiple resources to improve SMT-based paraphrasing model},
 booktitle = {Proceedings of ACL/HLT}
}

@inproceedings{Koehn05,
 author = {Philipp Koehn},
 year = {2005},
 title = {A parallel corpus for statistical machine translation},
 booktitle = {In Proceedings of MT-Summit, Phuket, Thailand}
}


@inproceedings{Barzilay2001,
  author = 	 {Regina Barzilay and Kathleen McKeown},
  title = 	 {Extracting Paraphrases from a Parallel Corpus},
  booktitle = 	 {In Proceedings of ACL},
  year = 	 {2001},
  url = 	 {http://www.cs.columbia.edu/nlp/papers/2001/barzilay_mckeown_01.pdf}
}



#TERP
@article{Snover2010,
  author =       {Matthew Snover and Nitin Madnani  and Bonnie Dorr and Richard Schwartz },
  title =        {TER-Plus: paraphrase, semantic, and alignment enhancements to Translation Edit Rate},
  journal = {Machine Translation},
  volume =  {23},
  number =  {2-3},
  year =    {2010},
  pages = {117--127}
}



@inproceedings{Callison-Burch2006b,
  author =      {Chris Callison-Burch and Philipp Koehn and Miles Osborne},
  title =           {Improved Statistical Machine Translation Using Paraphrases},
  booktitle = 	 {Proceedings of HLT-NAACL},
  year = 	 {2006}
}



@inproceedings{Marton2009,
  author    = {Yuval Marton and Chris Callison-Burch and Philip Resnik},
  title     = {Improved Statistical Machine Translation Using Monolingually-Derived Paraphrases},
  booktitle =   {Proceedings of EMNLP},
  year      = {2009}
}



@InProceedings{BhagatACL08,
  author = 	 {Rahul Bhagat and Deepak Ravichandran},
  title = 	 {Large Scale Acquisition of Paraphrases for Learning Surface Patterns},
  booktitle = {Proceedings of ACL},
  year = 	 {2008},
}

@misc{GoogleNgrams,
author = {Thorsten Brants and Alex Franz},
year = {2006},
title = {Web 1{T} 5-gram Version 1},
address = {Linguistic Data Consortium, Philadelphia}}

@inproceedings{IndykSTOC98,
  title = {Approximate nearest neighbors: towards removing the curse of dimensionality},
  author = {Piotr Indyk and Rajeev Motwani},
  booktitle = {Proceedings of STOC},
  year = {1998},
}

@InProceedings{ravichandranACL05,
  author = 	 {Deepak Ravichandran and Patrick Pantel and Eduard Hovy},
  title = 	 {{Randomized Algorithms and NLP: Using Locality Sensitive Hash Functions for High Speed Noun Clustering}},
  booktitle = {Proceedings of ACL},
  year = 	 {2005},
}
